<?xml version="1.0" encoding="UTF-8"?>
<record>
  <leader>02403nas a2200505#c 4500</leader>
  <controlfield tag="003">DE-605</controlfield>
  <controlfield tag="005">20230801094910.0</controlfield>
  <controlfield tag="007">tu</controlfield>
  <controlfield tag="008">991118d19552004sz u||p|  s|| 0||||1eng c</controlfield>
  <controlfield tag="001">990054215550206441</controlfield>
  <datafield tag="016" ind1="7" ind2=" ">
    <subfield code="a">1257-9</subfield>
    <subfield code="2">DE-600</subfield>
  </datafield>
  <datafield tag="016" ind1="7" ind2=" ">
    <subfield code="a">010014802</subfield>
    <subfield code="2">DE-101</subfield>
  </datafield>
  <datafield tag="022" ind1=" " ind2=" ">
    <subfield code="a">0066-3859</subfield>
    <subfield code="0">http://worldcat.org/issn/0066-3859</subfield>
  </datafield>
  <datafield tag="022" ind1=" " ind2=" ">
    <subfield code="a">0250-9911</subfield>
    <subfield code="0">http://worldcat.org/issn/0250-9911</subfield>
  </datafield>
  <datafield tag="035" ind1=" " ind2=" ">
    <subfield code="a">(DE-599)ZDB1257-9</subfield>
  </datafield>
  <datafield tag="035" ind1=" " ind2=" ">
    <subfield code="a">(OCoLC)1367306405</subfield>
  </datafield>
  <datafield tag="035" ind1=" " ind2=" ">
    <subfield code="a">(DE-600)1257-9</subfield>
  </datafield>
  <datafield tag="035" ind1=" " ind2=" ">
    <subfield code="a">(DE-101)010014802</subfield>
  </datafield>
  <datafield tag="040" ind1=" " ind2=" ">
    <subfield code="a">9001</subfield>
    <subfield code="b">ger</subfield>
    <subfield code="c">DE-101</subfield>
    <subfield code="d">9999</subfield>
  </datafield>
  <datafield tag="041" ind1=" " ind2=" ">
    <subfield code="a">eng</subfield>
    <subfield code="a">fre</subfield>
    <subfield code="a">rus</subfield>
  </datafield>
  <datafield tag="044" ind1=" " ind2=" ">
    <subfield code="c">XA-CH</subfield>
  </datafield>
  <datafield tag="084" ind1=" " ind2=" ">
    <subfield code="a">050</subfield>
    <subfield code="q">DE-101</subfield>
    <subfield code="2">sdnb</subfield>
  </datafield>
  <datafield tag="084" ind1=" " ind2=" ">
    <subfield code="a">310</subfield>
    <subfield code="q">DE-600</subfield>
    <subfield code="2">sdnb</subfield>
  </datafield>
  <datafield tag="245" ind1="0" ind2="0">
    <subfield code="a">Annual bulletin of transport statistics for Europe and North America</subfield>
    <subfield code="b">= Bulletin annuel de statistiques des transports pour l'Europe et l'Amérique du Nord = Ežegodnyj bjulleten' statistiki transporta dlja Evropy i Severnoj Ameriki</subfield>
    <subfield code="c">Economic Commission for Europe, Transport Division, United Nations</subfield>
  </datafield>
  <datafield tag="246" ind1="1" ind2="1">
    <subfield code="a">Bulletin annuel de statistiques des transports pour l'Europe et l'Amérique du Nord</subfield>
  </datafield>
  <datafield tag="246" ind1="1" ind2="1">
    <subfield code="a">Ežegodnyj bjulleten' statistiki transporta dlja Evropy i Severnoj Ameriki</subfield>
  </datafield>
  <datafield tag="246" ind1="3" ind2=" ">
    <subfield code="a">Bulletin annuel de statistiques des transports pour l'Europe et l'Amérique du Nord</subfield>
  </datafield>
  <datafield tag="246" ind1="3" ind2=" ">
    <subfield code="a">Ežegodnyj bjulleten' statistiki transporta dlja Evropy i Severnoj Ameriki</subfield>
  </datafield>
  <datafield tag="247" ind1="0" ind2="0">
    <subfield code="a">Annual bulletin of transport statistics for Europe</subfield>
    <subfield code="f">Hauptsacht. bis 44.1994</subfield>
  </datafield>
  <datafield tag="247" ind1="0" ind2="0">
    <subfield code="a">Bulletin annuel de statistiques de transports européens</subfield>
    <subfield code="f">Parallelsacht. bis 44.1994</subfield>
  </datafield>
  <datafield tag="247" ind1="0" ind2="0">
    <subfield code="a">Ežegodnyj bjulleten' evropejskoj statistiki transporta</subfield>
    <subfield code="f">Parallelsacht. bis 44.1994</subfield>
  </datafield>
  <datafield tag="264" ind1="3" ind2="1">
    <subfield code="a">Genève [u.a.]</subfield>
    <subfield code="b">UN</subfield>
    <subfield code="c">1955-2004</subfield>
  </datafield>
  <datafield tag="336" ind1=" " ind2=" ">
    <subfield code="b">txt</subfield>
  </datafield>
  <datafield tag="337" ind1=" " ind2=" ">
    <subfield code="b">n</subfield>
  </datafield>
  <datafield tag="338" ind1=" " ind2=" ">
    <subfield code="b">nc</subfield>
  </datafield>
  <datafield tag="362" ind1="0" ind2=" ">
    <subfield code="a">6.1954(1955) - 52.2004</subfield>
  </datafield>
  <datafield tag="363" ind1="0" ind2="0">
    <subfield code="8">1.1\x</subfield>
    <subfield code="a">6</subfield>
    <subfield code="i">1954</subfield>
  </datafield>
  <datafield tag="363" ind1="1" ind2="0">
    <subfield code="8">1.2\x</subfield>
    <subfield code="a">52</subfield>
    <subfield code="i">2004</subfield>
  </datafield>
  <datafield tag="710" ind1="2" ind2=" ">
    <subfield code="a">Vereinte Nationen</subfield>
    <subfield code="b">Wirtschaftskommission für Europa</subfield>
    <subfield code="0">(DE-588)2023669-4</subfield>
    <subfield code="4">isb</subfield>
    <subfield code="0">https://portal.dnb.de/opac.htm?method=simpleSearch&amp;cqlMode=true&amp;query=idn=004811186</subfield>
    <subfield code="0">http://viaf.org/viaf/sourceID/DNB|004811186</subfield>
    <subfield code="B">GND-004811186</subfield>
  </datafield>
  <datafield tag="780" ind1="0" ind2="0">
    <subfield code="i">Vorg.:</subfield>
    <subfield code="t">Annual bulletin of transport statistics</subfield>
    <subfield code="d">Genève : [Verlag nicht ermittelbar], 1950-1955</subfield>
    <subfield code="w">(DE-600)962103-9</subfield>
  </datafield>
  <datafield tag="785" ind1="0" ind2="0">
    <subfield code="i">Forts. als Online-Ausg.</subfield>
    <subfield code="t">Annual bulletin of transport statistics for Europe and North America</subfield>
    <subfield code="d">New York, NY [u.a.] : United Nations, 2004-2008</subfield>
    <subfield code="h">Online-Ressource</subfield>
    <subfield code="w">(DE-600)2193004-1</subfield>
  </datafield>
  <datafield tag="655" ind1=" " ind2="7">
    <subfield code="a">Zeitschrift</subfield>
    <subfield code="0">(DE-588)4067488-5</subfield>
    <subfield code="2">gnd-content</subfield>
  </datafield>
  <datafield tag="655" ind1=" " ind2="7">
    <subfield code="a">Statistik</subfield>
    <subfield code="0">(DE-588)4056995-0</subfield>
    <subfield code="2">gnd-content</subfield>
  </datafield>
  <datafield tag="546" ind1=" " ind2=" ">
    <subfield code="a">Text engl., franz. u. russ.</subfield>
  </datafield>
  <datafield tag="591" ind1=" " ind2=" ">
    <subfield code="a">FA!C!89!(04-07-05)</subfield>
  </datafield>
  <datafield tag="MBD" ind1=" " ind2=" ">
    <subfield code="M">49HBZ_NETWORK</subfield>
    <subfield code="i">990054215550206441</subfield>
    <subfield code="n">HBZ Network</subfield>
  </datafield>
  <datafield tag="MBD" ind1=" " ind2=" ">
    <subfield code="M">49HBZ_ULB</subfield>
    <subfield code="i">991024542889706467</subfield>
    <subfield code="n">Universitaet Bonn</subfield>
  </datafield>
  <datafield tag="MBD" ind1=" " ind2=" ">
    <subfield code="M">49HBZ_UBO</subfield>
    <subfield code="i">991026745559706471</subfield>
    <subfield code="n">Universität Bochum</subfield>
  </datafield>
  <datafield tag="MBD" ind1=" " ind2=" ">
    <subfield code="M">49HBZ_UBK</subfield>
    <subfield code="i">991007941169706476</subfield>
    <subfield code="n">Universität Köln</subfield>
  </datafield>
  <datafield tag="MNG" ind1=" " ind2=" ">
    <subfield code="c">System</subfield>
    <subfield code="f">ZDB</subfield>
    <subfield code="i">marc21</subfield>
    <subfield code="h">20220903040324.0</subfield>
    <subfield code="k">01</subfield>
    <subfield code="e">false</subfield>
    <subfield code="d">2023-08-01 09:49:10 Europe/Berlin</subfield>
    <subfield code="g">005421555-HBZ01</subfield>
    <subfield code="j">90</subfield>
    <subfield code="a">import</subfield>
    <subfield code="b">2021-04-06 00:46:03 Europe/Berlin</subfield>
  </datafield>
  <datafield tag="H16" ind1="7" ind2=" ">
    <subfield code="a">1257-9</subfield>
    <subfield code="2">DE-600</subfield>
    <subfield code="8">22235621980006467</subfield>
  </datafield>
  <datafield tag="H35" ind1=" " ind2=" ">
    <subfield code="a">(DE-600)000862444</subfield>
    <subfield code="8">22235621980006467</subfield>
  </datafield>
  <datafield tag="H35" ind1=" " ind2=" ">
    <subfield code="a">(DE-5)000862444-49hbz_ulb</subfield>
    <subfield code="8">22235621980006467</subfield>
  </datafield>
  <datafield tag="H92" ind1=" " ind2=" ">
    <subfield code="a">531000-3</subfield>
    <subfield code="d">5</subfield>
    <subfield code="k">NRW</subfield>
    <subfield code="l">a</subfield>
    <subfield code="o">b</subfield>
    <subfield code="y">89</subfield>
    <subfield code="8">22235621980006467</subfield>
  </datafield>
  <datafield tag="H52" ind1="8" ind2="1">
    <subfield code="b">0</subfield>
    <subfield code="c">0-Mag</subfield>
    <subfield code="8">1</subfield>
    <subfield code="h">Z 4' 66/103</subfield>
    <subfield code="9">00</subfield>
    <subfield code="x">DE-5</subfield>
    <subfield code="8">22235621980006467</subfield>
  </datafield>
  <datafield tag="H59" ind1="0" ind2="0">
    <subfield code="8">1.1\x</subfield>
    <subfield code="a">14</subfield>
    <subfield code="i">1962</subfield>
    <subfield code="8">22235621980006467</subfield>
  </datafield>
  <datafield tag="H66" ind1="3" ind2="0">
    <subfield code="a">14.1962(1963)</subfield>
    <subfield code="8">22235621980006467</subfield>
  </datafield>
  <datafield tag="HOL" ind1=" " ind2=" ">
    <subfield code="b">2023-07-24 07:28:49</subfield>
    <subfield code="8">22235621980006467</subfield>
    <subfield code="M">49HBZ_ULB</subfield>
    <subfield code="g">false</subfield>
    <subfield code="a">import</subfield>
  </datafield>
  <datafield tag="H16" ind1="7" ind2=" ">
    <subfield code="a">1257-9</subfield>
    <subfield code="2">DE-600</subfield>
    <subfield code="8">22184893700006471</subfield>
  </datafield>
  <datafield tag="H35" ind1=" " ind2=" ">
    <subfield code="a">(DE-600)000862770</subfield>
    <subfield code="8">22184893700006471</subfield>
  </datafield>
  <datafield tag="H35" ind1=" " ind2=" ">
    <subfield code="a">(DE-294)000862770-49hbz_ubo</subfield>
    <subfield code="8">22184893700006471</subfield>
  </datafield>
  <datafield tag="H92" ind1=" " ind2=" ">
    <subfield code="a">461000-3</subfield>
    <subfield code="d">294</subfield>
    <subfield code="k">NRW</subfield>
    <subfield code="l">a</subfield>
    <subfield code="o">b</subfield>
    <subfield code="8">22184893700006471</subfield>
  </datafield>
  <datafield tag="H52" ind1="8" ind2="1">
    <subfield code="b">UB</subfield>
    <subfield code="c">UB_Z</subfield>
    <subfield code="8">1</subfield>
    <subfield code="h">ZRC 828</subfield>
    <subfield code="9">00</subfield>
    <subfield code="j">HB: 760-ZV-075</subfield>
    <subfield code="9">09</subfield>
    <subfield code="x">DE-294</subfield>
    <subfield code="8">22184893700006471</subfield>
  </datafield>
  <datafield tag="H59" ind1="0" ind2="0">
    <subfield code="8">1.1\x</subfield>
    <subfield code="a">29</subfield>
    <subfield code="i">1977</subfield>
    <subfield code="8">22184893700006471</subfield>
  </datafield>
  <datafield tag="H59" ind1="1" ind2="0">
    <subfield code="8">1.2\x</subfield>
    <subfield code="a">52</subfield>
    <subfield code="i">2004</subfield>
    <subfield code="8">22184893700006471</subfield>
  </datafield>
  <datafield tag="H66" ind1=" " ind2="0">
    <subfield code="z">Zeitschriften</subfield>
    <subfield code="8">22184893700006471</subfield>
  </datafield>
  <datafield tag="H66" ind1="3" ind2="0">
    <subfield code="a">29.1977(1978) - 52.2004</subfield>
    <subfield code="8">22184893700006471</subfield>
  </datafield>
  <datafield tag="HOL" ind1=" " ind2=" ">
    <subfield code="b">2023-07-30 19:39:03</subfield>
    <subfield code="8">22184893700006471</subfield>
    <subfield code="M">49HBZ_UBO</subfield>
    <subfield code="g">false</subfield>
    <subfield code="a">import</subfield>
  </datafield>
  <datafield tag="H16" ind1="7" ind2=" ">
    <subfield code="a">1257-9</subfield>
    <subfield code="2">DE-600</subfield>
    <subfield code="8">22238974440006476</subfield>
  </datafield>
  <datafield tag="H35" ind1=" " ind2=" ">
    <subfield code="a">(DE-600)000862592</subfield>
    <subfield code="8">22238974440006476</subfield>
  </datafield>
  <datafield tag="H35" ind1=" " ind2=" ">
    <subfield code="a">(DE-38)000862592-49hbz_ubk</subfield>
    <subfield code="8">22238974440006476</subfield>
  </datafield>
  <datafield tag="H92" ind1=" " ind2=" ">
    <subfield code="a">501000-7</subfield>
    <subfield code="d">38</subfield>
    <subfield code="k">NRW</subfield>
    <subfield code="l">a</subfield>
    <subfield code="o">c</subfield>
    <subfield code="y">7496</subfield>
    <subfield code="8">22238974440006476</subfield>
  </datafield>
  <datafield tag="H52" ind1="8" ind2="1">
    <subfield code="b">38</subfield>
    <subfield code="c">38-ZS</subfield>
    <subfield code="8">1</subfield>
    <subfield code="h">Sh13</subfield>
    <subfield code="9">00</subfield>
    <subfield code="x">DE-38</subfield>
    <subfield code="8">22238974440006476</subfield>
  </datafield>
  <datafield tag="H59" ind1="0" ind2="0">
    <subfield code="8">1.1\x</subfield>
    <subfield code="a">6</subfield>
    <subfield code="i">1954</subfield>
    <subfield code="8">22238974440006476</subfield>
  </datafield>
  <datafield tag="H59" ind1="1" ind2="0">
    <subfield code="8">1.2\x</subfield>
    <subfield code="a">52</subfield>
    <subfield code="i">2004</subfield>
    <subfield code="8">22238974440006476</subfield>
  </datafield>
  <datafield tag="H66" ind1="3" ind2="0">
    <subfield code="a">6.1954(1955) - 52.2004</subfield>
    <subfield code="8">22238974440006476</subfield>
  </datafield>
  <datafield tag="HOL" ind1=" " ind2=" ">
    <subfield code="b">2023-08-22 12:23:03</subfield>
    <subfield code="8">22238974440006476</subfield>
    <subfield code="M">49HBZ_UBK</subfield>
    <subfield code="g">false</subfield>
    <subfield code="a">import</subfield>
  </datafield>
  <datafield tag="GKT" ind1="2" ind2=" ">
    <subfield code="a">UNECE</subfield>
    <subfield code="4">abku</subfield>
    <subfield code="i">Abkuerzung</subfield>
    <subfield code="A">GND</subfield>
    <subfield code="B">GND-004811186</subfield>
    <subfield code="C">410</subfield>
  </datafield>
  <datafield tag="GKT" ind1="2" ind2=" ">
    <subfield code="a">Vereinte Nationen</subfield>
    <subfield code="b">Economic Commission for Europe</subfield>
    <subfield code="A">GND</subfield>
    <subfield code="B">GND-004811186</subfield>
    <subfield code="C">410</subfield>
  </datafield>
  <datafield tag="GKT" ind1="2" ind2=" ">
    <subfield code="a">UN-ECE</subfield>
    <subfield code="4">abku</subfield>
    <subfield code="i">Abkuerzung</subfield>
    <subfield code="A">GND</subfield>
    <subfield code="B">GND-004811186</subfield>
    <subfield code="C">410</subfield>
  </datafield>
  <datafield tag="GKT" ind1="2" ind2=" ">
    <subfield code="a">Wirtschaftskommission für Europa</subfield>
    <subfield code="A">GND</subfield>
    <subfield code="B">GND-004811186</subfield>
    <subfield code="C">410</subfield>
  </datafield>
  <datafield tag="GKT" ind1="2" ind2=" ">
    <subfield code="a">Wirtschaftskommission der Vereinten Nationen für Europa</subfield>
    <subfield code="4">nauv</subfield>
    <subfield code="i">Unveraenderte Form</subfield>
    <subfield code="A">GND</subfield>
    <subfield code="B">GND-004811186</subfield>
    <subfield code="C">410</subfield>
  </datafield>
  <datafield tag="GKT" ind1="2" ind2=" ">
    <subfield code="a">Vereinte Nationen</subfield>
    <subfield code="b">Commission économique pour l'Europe</subfield>
    <subfield code="A">GND</subfield>
    <subfield code="B">GND-004811186</subfield>
    <subfield code="C">410</subfield>
  </datafield>
  <datafield tag="GKT" ind1="2" ind2=" ">
    <subfield code="a">CEE</subfield>
    <subfield code="4">abku</subfield>
    <subfield code="i">Abkuerzung</subfield>
    <subfield code="A">GND</subfield>
    <subfield code="B">GND-004811186</subfield>
    <subfield code="C">410</subfield>
  </datafield>
  <datafield tag="GKT" ind1="2" ind2=" ">
    <subfield code="a">Vereinte Nationen</subfield>
    <subfield code="b">Evropejskaja Ėkonomičeskaja Komissija</subfield>
    <subfield code="A">GND</subfield>
    <subfield code="B">GND-004811186</subfield>
    <subfield code="C">410</subfield>
  </datafield>
  <datafield tag="GKT" ind1="2" ind2=" ">
    <subfield code="a">Evropejskaja Ėkonomičeskaja Komissija</subfield>
    <subfield code="A">GND</subfield>
    <subfield code="B">GND-004811186</subfield>
    <subfield code="C">410</subfield>
  </datafield>
  <datafield tag="GKT" ind1="2" ind2=" ">
    <subfield code="a">Europäische Wirtschaftskommission</subfield>
    <subfield code="A">GND</subfield>
    <subfield code="B">GND-004811186</subfield>
    <subfield code="C">410</subfield>
  </datafield>
  <datafield tag="GKT" ind1="2" ind2=" ">
    <subfield code="a">Vereinte Nationen</subfield>
    <subfield code="b">Wirtschafts- und Sozialrat</subfield>
    <subfield code="b">Wirtschaftskommission für Europa</subfield>
    <subfield code="A">GND</subfield>
    <subfield code="B">GND-004811186</subfield>
    <subfield code="C">410</subfield>
  </datafield>
  <datafield tag="GKT" ind1="2" ind2=" ">
    <subfield code="a">Vereinte Nationen</subfield>
    <subfield code="b">Ėkonomičeskaja Komissija dlja Evropy</subfield>
    <subfield code="A">GND</subfield>
    <subfield code="B">GND-004811186</subfield>
    <subfield code="C">410</subfield>
  </datafield>
  <datafield tag="GKT" ind1="2" ind2=" ">
    <subfield code="a">Ėkonomičeskaja Komissija dlja Evropy</subfield>
    <subfield code="A">GND</subfield>
    <subfield code="B">GND-004811186</subfield>
    <subfield code="C">410</subfield>
  </datafield>
  <datafield tag="GKT" ind1="2" ind2=" ">
    <subfield code="a">Vereinte Nationen</subfield>
    <subfield code="b">Wirtschaftsausschuss für Europa</subfield>
    <subfield code="A">GND</subfield>
    <subfield code="B">GND-004811186</subfield>
    <subfield code="C">410</subfield>
  </datafield>
  <datafield tag="GKT" ind1="2" ind2=" ">
    <subfield code="a">Wirtschaftsausschuss für Europa</subfield>
    <subfield code="A">GND</subfield>
    <subfield code="B">GND-004811186</subfield>
    <subfield code="C">410</subfield>
  </datafield>
  <datafield tag="GKT" ind1="2" ind2=" ">
    <subfield code="a">Vereinte Nationen</subfield>
    <subfield code="b">Európai Gazdasági Bizottság</subfield>
    <subfield code="A">GND</subfield>
    <subfield code="B">GND-004811186</subfield>
    <subfield code="C">410</subfield>
  </datafield>
  <datafield tag="GKT" ind1="2" ind2=" ">
    <subfield code="a">Európai Gazdasági Bizottság</subfield>
    <subfield code="A">GND</subfield>
    <subfield code="B">GND-004811186</subfield>
    <subfield code="C">410</subfield>
  </datafield>
  <datafield tag="GKT" ind1="2" ind2=" ">
    <subfield code="a">ECE</subfield>
    <subfield code="4">abku</subfield>
    <subfield code="i">Abkuerzung</subfield>
    <subfield code="A">GND</subfield>
    <subfield code="B">GND-004811186</subfield>
    <subfield code="C">410</subfield>
  </datafield>
  <datafield tag="GKT" ind1="2" ind2=" ">
    <subfield code="a">Commission économique pour l'Europe</subfield>
    <subfield code="A">GND</subfield>
    <subfield code="B">GND-004811186</subfield>
    <subfield code="C">410</subfield>
  </datafield>
  <datafield tag="GKT" ind1="2" ind2=" ">
    <subfield code="a">Commission économique des Nations Unies pour l'Europe</subfield>
    <subfield code="A">GND</subfield>
    <subfield code="B">GND-004811186</subfield>
    <subfield code="C">410</subfield>
  </datafield>
  <datafield tag="GKT" ind1="2" ind2=" ">
    <subfield code="a">Vereinte Nationen</subfield>
    <subfield code="b">Europäische Wirtschaftskommission</subfield>
    <subfield code="A">GND</subfield>
    <subfield code="B">GND-004811186</subfield>
    <subfield code="C">410</subfield>
  </datafield>
  <datafield tag="GKT" ind1="2" ind2=" ">
    <subfield code="a">Economic Commission for Europe</subfield>
    <subfield code="A">GND</subfield>
    <subfield code="B">GND-004811186</subfield>
    <subfield code="C">410</subfield>
  </datafield>
  <datafield tag="GKT" ind1="2" ind2=" ">
    <subfield code="9">L:fre</subfield>
    <subfield code="a">Nations Unies</subfield>
    <subfield code="b">Commission Economique pour l'Europe</subfield>
    <subfield code="5">CH-GND</subfield>
    <subfield code="A">GND</subfield>
    <subfield code="B">GND-004811186</subfield>
    <subfield code="C">410</subfield>
  </datafield>
  <datafield tag="GKT" ind1="2" ind2=" ">
    <subfield code="a">United Nations Economic Commission for Europe</subfield>
    <subfield code="4">nauv</subfield>
    <subfield code="i">Unveraenderte Form</subfield>
    <subfield code="A">GND</subfield>
    <subfield code="B">GND-004811186</subfield>
    <subfield code="C">410</subfield>
  </datafield>
  <datafield tag="GKT" ind1="2" ind2=" ">
    <subfield code="a">Vereinte Nationen</subfield>
    <subfield code="b">Commissione economica per l'Europa</subfield>
    <subfield code="A">GND</subfield>
    <subfield code="B">GND-004811186</subfield>
    <subfield code="C">410</subfield>
  </datafield>
  <datafield tag="GKT" ind1="2" ind2=" ">
    <subfield code="a">Commissione economica per l'Europa</subfield>
    <subfield code="A">GND</subfield>
    <subfield code="B">GND-004811186</subfield>
    <subfield code="C">410</subfield>
  </datafield>
  <datafield tag="GKT" ind1="2" ind2=" ">
    <subfield code="a">Vereinte Nationen</subfield>
    <subfield code="b">Ėkonomičeskaja komissija dlja Evropy</subfield>
    <subfield code="A">GND</subfield>
    <subfield code="B">GND-004811186</subfield>
    <subfield code="C">410</subfield>
  </datafield>
  <datafield tag="GKT" ind1="2" ind2=" ">
    <subfield code="a">Ėkonomičeskaja komissija dlja Evropy</subfield>
    <subfield code="A">GND</subfield>
    <subfield code="B">GND-004811186</subfield>
    <subfield code="C">410</subfield>
  </datafield>
  <datafield tag="GKT" ind1="2" ind2=" ">
    <subfield code="a">Vereinte Nationen</subfield>
    <subfield code="b">European Economic Commission</subfield>
    <subfield code="A">GND</subfield>
    <subfield code="B">GND-004811186</subfield>
    <subfield code="C">410</subfield>
  </datafield>
  <datafield tag="GKT" ind1="2" ind2=" ">
    <subfield code="a">European Economic Commission</subfield>
    <subfield code="A">GND</subfield>
    <subfield code="B">GND-004811186</subfield>
    <subfield code="C">410</subfield>
  </datafield>
  <datafield tag="GKT" ind1="2" ind2=" ">
    <subfield code="a">Europäische Wirtschaftskommission der Vereinten Nationen</subfield>
    <subfield code="4">nauv</subfield>
    <subfield code="i">Unveraenderte Form</subfield>
    <subfield code="A">GND</subfield>
    <subfield code="B">GND-004811186</subfield>
    <subfield code="C">410</subfield>
  </datafield>
  <datafield tag="GKT" ind1="2" ind2=" ">
    <subfield code="9">L:eng</subfield>
    <subfield code="a">United Nations</subfield>
    <subfield code="b">Economic Commission for Europe</subfield>
    <subfield code="5">CH-GND</subfield>
    <subfield code="A">GND</subfield>
    <subfield code="B">GND-004811186</subfield>
    <subfield code="C">410</subfield>
  </datafield>
  <datafield tag="GSI" ind1="7" ind2=" ">
    <subfield code="a">2023669-4</subfield>
    <subfield code="0">http://d-nb.info/gnd/2023669-4</subfield>
    <subfield code="2">gnd</subfield>
    <subfield code="A">GND</subfield>
    <subfield code="B">GND-004811186</subfield>
    <subfield code="C">024</subfield>
  </datafield>
</record>
